@book{papula2009,
  title={Mathematische Formelsammlung: f{\"u}r Ingenieure und Naturwissenschaftler},
  author={Papula, L.},
  isbn={9783834807571},
  series={Lothar Papula},
  url={https://books.google.de/books?id=95\_FtJWzNMEC},
  year={2009},
  publisher={Vieweg+Teubner Verlag}
}
